Order ID,Order Date,Category,Product Name,Region,State,Sales,Profit,Quantity,Discount,Year,Month,Profit Margin (%)
1,3/13/2023,Technology,Laptop,Central,New York,602.67,-73.52,3,0.2,2023,3,-12.2
2,4/10/2023,Technology,Printer,South,Illinois,151.44,19,5,0.1,2023,4,12.55
3,10/4/2023,Office Supplies,Binder,West,Florida,621.31,65.75,9,0,2023,10,10.58
4,7/7/2023,Technology,Printer,Central,Texas,372.7,10.45,3,0.3,2023,7,2.8
5,11/3/2023,Technology,Laptop,Central,Illinois,683.5,17.26,2,0.3,2023,11,2.53
6,9/22/2023,Furniture,Table,West,Texas,25.81,-2.18,7,0.3,2023,9,-8.45
7,2/19/2023,Furniture,Bookcase,Central,California,665.9,-29.4,6,0.1,2023,2,-4.42
8,8/6/2023,Office Supplies,Binder,East,Texas,455.26,-1.1,4,0.1,2023,8,-0.24
9,7/9/2023,Technology,Printer,South,Florida,332.08,-1.88,2,0.2,2023,7,-0.57
10,7/7/2023,Furniture,Table,East,Florida,547.27,-70.89,1,0,2023,7,-12.95
11,5/16/2023,Technology,Laptop,South,California,15.47,3.21,1,0.3,2023,5,20.75
12,9/18/2023,Technology,Printer,East,New York,927.04,116.38,7,0,2023,9,12.55
13,4/9/2023,Office Supplies,Pen,South,Illinois,595.38,-37.29,3,0,2023,4,-6.26
14,9/14/2023,Technology,Laptop,Central,New York,724.51,-59.42,7,0.2,2023,9,-8.2
15,2/11/2023,Furniture,Bookcase,Central,Texas,444.94,-44.11,7,0,2023,2,-9.91
16,5/23/2023,Furniture,Table,East,Illinois,758,-64.89,7,0.2,2023,5,-8.56
17,6/19/2023,Technology,Monitor,South,Texas,810.04,94.53,6,0.3,2023,6,11.67
18,12/14/2023,Office Supplies,Binder,Central,Texas,362.73,91.92,1,0,2023,12,25.34
19,8/21/2023,Technology,Monitor,East,Florida,311.73,-36.68,9,0.1,2023,8,-11.77
20,6/21/2023,Furniture,Chair,Central,Texas,251.68,-29.16,8,0,2023,6,-11.59
21,2/21/2023,Furniture,Table,East,Texas,254.41,37.69,3,0,2023,2,14.81
22,7/6/2023,Furniture,Chair,South,California,613.47,31.5,6,0.2,2023,7,5.13
23,5/6/2023,Furniture,Chair,East,New York,153.45,6.86,6,0.3,2023,5,4.47
24,9/12/2023,Technology,Printer,Central,New York,805.11,28.3,2,0.1,2023,9,3.52
25,7/20/2023,Office Supplies,Paper,Central,California,327.57,-34.97,3,0.3,2023,7,-10.68
26,5/27/2023,Technology,Printer,West,New York,355.18,-53.96,9,0,2023,5,-15.19
27,9/24/2023,Technology,Monitor,South,California,347.66,-49.81,7,0.2,2023,9,-14.33
28,5/24/2023,Office Supplies,Binder,Central,Florida,819.05,63.56,1,0.1,2023,5,7.76
29,2/6/2023,Furniture,Table,South,Illinois,883.81,-93.37,9,0.2,2023,2,-10.56
30,4/26/2023,Technology,Printer,South,California,93.3,-11.12,6,0.3,2023,4,-11.92
31,4/9/2023,Office Supplies,Paper,South,California,973.93,-56.53,2,0.1,2023,4,-5.8
32,6/18/2023,Office Supplies,Paper,South,Illinois,184.17,-35.17,5,0.3,2023,6,-19.1
33,6/25/2023,Technology,Printer,East,California,102.74,-1.66,7,0.1,2023,6,-1.62
34,2/20/2023,Office Supplies,Binder,West,Illinois,893.13,103.22,2,0,2023,2,11.56
35,11/13/2023,Office Supplies,Pen,South,California,504.2,43.36,1,0.3,2023,11,8.6
36,1/6/2023,Furniture,Table,East,Illinois,376.46,-72.38,8,0,2023,1,-19.23
37,7/7/2023,Furniture,Table,East,New York,854.48,-45.1,5,0.3,2023,7,-5.28
38,5/8/2023,Technology,Laptop,South,New York,378.96,-1.01,6,0.1,2023,5,-0.27
39,10/15/2023,Technology,Monitor,South,Texas,674.43,-13.94,2,0.1,2023,10,-2.07
40,9/3/2023,Furniture,Chair,East,New York,365.9,-19.47,7,0.1,2023,9,-5.32
41,11/12/2023,Technology,Monitor,East,Illinois,516.23,26.2,4,0,2023,11,5.08
42,5/23/2023,Office Supplies,Binder,South,New York,381.83,-58.42,7,0.2,2023,5,-15.3
43,3/4/2023,Office Supplies,Paper,East,Texas,982.02,215.52,6,0,2023,3,21.95
44,4/11/2023,Office Supplies,Binder,Central,New York,527.02,97.5,5,0.2,2023,4,18.5
45,12/16/2023,Office Supplies,Pen,South,Florida,545.23,64.73,4,0.3,2023,12,11.87
46,6/7/2023,Furniture,Table,South,Texas,50.66,-0.03,3,0.3,2023,6,-0.06
47,4/27/2023,Office Supplies,Paper,West,Illinois,90.06,1.28,5,0,2023,4,1.42
48,4/6/2023,Office Supplies,Binder,East,Texas,553.73,87.1,8,0,2023,4,15.73
49,7/11/2023,Furniture,Chair,South,Illinois,558.81,59.16,7,0.2,2023,7,10.59
50,10/12/2023,Office Supplies,Paper,East,California,124.91,-22.11,1,0.1,2023,10,-17.7
51,7/23/2023,Office Supplies,Binder,South,Illinois,26.99,4.9,5,0.2,2023,7,18.15
52,1/23/2023,Furniture,Table,West,Illinois,57.58,15.81,4,0.1,2023,1,27.46
53,4/6/2023,Technology,Monitor,West,New York,857.92,110.97,4,0.3,2023,4,12.93
54,6/9/2023,Technology,Monitor,East,Florida,940.83,82.55,2,0.2,2023,6,8.77
55,4/11/2023,Furniture,Chair,East,New York,629.68,132.37,8,0.1,2023,4,21.02
56,4/5/2023,Technology,Laptop,East,Florida,383.49,-69.23,2,0.2,2023,4,-18.05
57,3/31/2023,Technology,Laptop,West,Illinois,347.22,-24.18,7,0.3,2023,3,-6.96
58,3/16/2023,Office Supplies,Pen,West,Illinois,878.7,147.21,5,0,2023,3,16.75
59,7/11/2023,Furniture,Table,East,California,580.17,96.21,4,0.1,2023,7,16.58
60,9/25/2023,Furniture,Bookcase,South,Illinois,434.7,76.26,9,0.2,2023,9,17.54
61,3/3/2023,Furniture,Table,East,California,501.6,-2.6,3,0,2023,3,-0.52
62,9/22/2023,Furniture,Chair,Central,Florida,326.12,89.69,4,0.2,2023,9,27.5
63,3/10/2023,Office Supplies,Paper,South,Illinois,300.28,-10.71,5,0.3,2023,3,-3.57
64,2/8/2023,Furniture,Bookcase,South,California,100.29,4.73,7,0.1,2023,2,4.72
65,8/3/2023,Technology,Monitor,East,New York,550.46,84.17,9,0.1,2023,8,15.29
66,6/17/2023,Office Supplies,Pen,East,Illinois,82.04,17.3,2,0,2023,6,21.09
67,5/16/2023,Furniture,Chair,West,New York,380.53,-5.59,4,0,2023,5,-1.47
68,5/12/2023,Technology,Printer,East,Illinois,356.72,54.97,3,0,2023,5,15.41
69,12/12/2023,Office Supplies,Paper,Central,Texas,336.95,5.8,2,0.3,2023,12,1.72
70,11/13/2023,Office Supplies,Binder,South,Florida,824.56,141.91,3,0,2023,11,17.21
71,11/8/2023,Office Supplies,Pen,Central,Florida,533.09,9.69,5,0.3,2023,11,1.82
72,8/17/2023,Office Supplies,Pen,Central,Florida,260.46,38.47,9,0.1,2023,8,14.77
73,2/23/2023,Technology,Laptop,East,California,588.47,147.46,9,0.2,2023,2,25.06
74,1/8/2023,Office Supplies,Binder,South,Florida,177.98,21.97,8,0.1,2023,1,12.34
75,7/11/2023,Office Supplies,Pen,East,Florida,458.71,-84.33,9,0,2023,7,-18.38
76,2/15/2023,Furniture,Chair,South,Illinois,85.44,23.09,3,0.3,2023,2,27.02
77,1/10/2023,Furniture,Bookcase,East,Texas,933.4,217.51,5,0.2,2023,1,23.3
78,8/12/2023,Furniture,Table,East,Texas,985.43,-11.46,9,0.1,2023,8,-1.16
79,4/8/2023,Technology,Printer,East,Illinois,46.45,-6.18,5,0.3,2023,4,-13.3
80,7/16/2023,Technology,Monitor,South,California,999.72,298.23,5,0.2,2023,7,29.83
81,3/24/2023,Furniture,Chair,East,Texas,254.87,6.44,1,0.2,2023,3,2.53
82,10/15/2023,Furniture,Chair,South,California,56.43,-3.71,7,0.1,2023,10,-6.57
83,11/2/2023,Office Supplies,Binder,West,New York,853.66,64.84,5,0.1,2023,11,7.6
84,4/22/2023,Office Supplies,Paper,East,California,485.25,4.98,5,0,2023,4,1.03
85,4/13/2023,Office Supplies,Binder,Central,New York,145.01,-27.95,6,0.1,2023,4,-19.27
86,11/4/2023,Office Supplies,Binder,West,New York,551.97,14.05,7,0.1,2023,11,2.55
87,5/18/2023,Technology,Laptop,East,Illinois,927.32,42.71,4,0.3,2023,5,4.61
88,7/24/2023,Furniture,Table,West,Illinois,217.04,19.5,3,0.2,2023,7,8.98
89,1/8/2023,Furniture,Bookcase,Central,New York,188.27,27.91,9,0.2,2023,1,14.82
90,3/2/2023,Technology,Printer,East,Texas,200.37,-35.98,5,0.1,2023,3,-17.96
91,11/22/2023,Office Supplies,Pen,West,Illinois,129.43,3.93,2,0,2023,11,3.04
92,3/14/2023,Office Supplies,Binder,East,New York,101.37,4.11,6,0.2,2023,3,4.05
93,12/3/2023,Office Supplies,Paper,Central,Illinois,284.11,57.7,1,0.2,2023,12,20.31
94,1/28/2023,Furniture,Bookcase,Central,Texas,375.22,11.73,8,0.2,2023,1,3.13
95,8/27/2023,Technology,Printer,Central,New York,40.17,9.38,6,0.2,2023,8,23.35
96,4/29/2023,Technology,Printer,South,California,383.51,-72.85,9,0,2023,4,-19
97,1/25/2023,Technology,Monitor,West,Florida,891.62,86.31,4,0.1,2023,1,9.68
98,4/21/2023,Technology,Laptop,East,Texas,588.36,99.09,8,0.3,2023,4,16.84
99,4/11/2023,Furniture,Bookcase,West,California,369.45,45.43,2,0.2,2023,4,12.3
100,10/16/2023,Technology,Laptop,West,Illinois,17.46,-1.52,6,0.2,2023,10,-8.71
101,9/4/2023,Office Supplies,Paper,West,California,61.12,-11.67,5,0.3,2023,9,-19.09
102,8/8/2023,Technology,Monitor,West,Florida,918.22,-181.21,6,0,2023,8,-19.73
103,7/13/2023,Office Supplies,Binder,Central,California,561.2,48.15,3,0,2023,7,8.58
104,10/2/2023,Furniture,Table,West,Florida,207.51,34.89,1,0.1,2023,10,16.81
105,12/22/2023,Office Supplies,Binder,East,New York,327.44,31.74,6,0.1,2023,12,9.69
106,6/21/2023,Office Supplies,Pen,Central,Texas,209.71,29.84,4,0,2023,6,14.23
107,9/22/2023,Technology,Laptop,East,California,599.68,21.46,7,0.2,2023,9,3.58
108,11/14/2023,Office Supplies,Paper,East,Illinois,748.51,3.19,5,0.3,2023,11,0.43
109,2/4/2023,Technology,Laptop,West,Florida,927.18,149.09,8,0.2,2023,2,16.08
110,10/13/2023,Furniture,Chair,West,Florida,826.88,-88.31,3,0.2,2023,10,-10.68
111,3/30/2023,Office Supplies,Binder,West,Florida,878.43,-3.32,8,0.3,2023,3,-0.38
112,5/5/2023,Technology,Monitor,South,New York,308.36,53.59,1,0,2023,5,17.38
113,11/5/2023,Furniture,Chair,Central,Texas,907.41,101.74,3,0.1,2023,11,11.21
114,2/11/2023,Office Supplies,Paper,Central,New York,147.88,29.13,1,0.3,2023,2,19.7
115,6/6/2023,Office Supplies,Paper,Central,Florida,160.16,-7.07,5,0.2,2023,6,-4.41
116,3/27/2023,Technology,Laptop,West,Florida,716.92,33.69,1,0.1,2023,3,4.7
117,12/31/2023,Office Supplies,Pen,Central,Florida,136.21,-0.18,8,0,2023,12,-0.13
118,6/22/2023,Furniture,Bookcase,South,Florida,722.84,87.16,3,0.3,2023,6,12.06
119,5/28/2023,Office Supplies,Paper,Central,Illinois,189.78,48.25,6,0.1,2023,5,25.42
120,8/6/2023,Technology,Printer,West,New York,590.37,31.26,9,0,2023,8,5.29
121,12/22/2023,Technology,Printer,South,Florida,919.56,179.35,5,0.3,2023,12,19.5
122,10/14/2023,Technology,Monitor,East,Florida,610.65,7.37,8,0,2023,10,1.21
123,10/29/2023,Office Supplies,Paper,Central,California,243.55,-28.55,4,0.1,2023,10,-11.72
124,5/29/2023,Technology,Laptop,East,New York,385.51,66.36,4,0,2023,5,17.21
125,3/4/2023,Furniture,Table,East,New York,420.36,97.42,6,0.1,2023,3,23.18
126,12/13/2023,Technology,Monitor,Central,Texas,457.7,-40.14,3,0.1,2023,12,-8.77
127,12/10/2023,Furniture,Bookcase,South,Illinois,318.36,60.57,6,0.1,2023,12,19.03
128,3/25/2023,Office Supplies,Pen,East,California,464.4,36.53,6,0.3,2023,3,7.87
129,11/23/2023,Technology,Laptop,South,California,599.43,-99.78,7,0.2,2023,11,-16.65
130,11/1/2023,Technology,Printer,West,Illinois,46.18,1.66,8,0.2,2023,11,3.59
131,6/24/2023,Office Supplies,Pen,West,New York,532.37,35.79,1,0.1,2023,6,6.72
132,9/21/2023,Office Supplies,Binder,Central,Florida,863.17,235.7,3,0.1,2023,9,27.31
133,10/15/2023,Office Supplies,Pen,Central,Florida,718.81,93.06,1,0,2023,10,12.95
134,9/12/2023,Technology,Printer,South,New York,29.51,-4.37,5,0.2,2023,9,-14.81
135,10/18/2023,Technology,Laptop,South,Texas,250.74,40.4,8,0.1,2023,10,16.11
136,8/11/2023,Technology,Laptop,West,Illinois,330.75,-51.77,7,0,2023,8,-15.65
137,2/5/2023,Technology,Laptop,Central,Illinois,646.5,98.25,1,0.2,2023,2,15.2
138,7/14/2023,Furniture,Bookcase,West,Texas,594.39,-39.21,5,0,2023,7,-6.6
139,2/22/2023,Office Supplies,Binder,East,Texas,301.52,82.68,6,0.3,2023,2,27.42
140,8/3/2023,Furniture,Table,West,New York,801.86,10.11,3,0,2023,8,1.26
141,8/25/2023,Office Supplies,Pen,South,Texas,408.52,-37.17,6,0.2,2023,8,-9.1
142,4/19/2023,Office Supplies,Binder,West,Illinois,694.31,98.31,6,0.1,2023,4,14.16
143,2/3/2023,Furniture,Table,South,California,558.64,70.23,7,0,2023,2,12.57
144,11/9/2023,Office Supplies,Binder,East,New York,273.83,45.48,2,0.3,2023,11,16.61
145,6/22/2023,Furniture,Chair,East,Texas,839.73,1.84,2,0.3,2023,6,0.22
146,6/30/2023,Office Supplies,Paper,East,New York,607.12,-46.95,5,0.2,2023,6,-7.73
147,11/6/2023,Technology,Laptop,Central,New York,481.29,63.45,6,0.1,2023,11,13.18
148,8/27/2023,Furniture,Chair,West,Florida,269.64,26.3,1,0.1,2023,8,9.75
149,7/20/2023,Technology,Laptop,Central,Texas,773.2,-113.43,9,0.3,2023,7,-14.67
150,4/14/2023,Furniture,Chair,East,Illinois,440.48,-33.83,3,0.1,2023,4,-7.68
151,1/12/2023,Furniture,Bookcase,West,Texas,367.36,-56.65,1,0,2023,1,-15.42
152,10/30/2023,Furniture,Table,East,California,95.84,26.75,3,0.3,2023,10,27.91
153,7/17/2023,Technology,Laptop,East,Illinois,980.77,246.84,9,0,2023,7,25.17
154,1/16/2023,Office Supplies,Paper,South,Texas,926,-101.59,5,0.1,2023,1,-10.97
155,1/7/2023,Office Supplies,Paper,West,Illinois,304.38,79.81,2,0.2,2023,1,26.22
156,4/13/2023,Technology,Laptop,West,Florida,46.64,4.58,3,0.3,2023,4,9.82
157,6/20/2023,Furniture,Table,Central,Illinois,346.48,56.26,7,0.2,2023,6,16.24
158,7/29/2023,Furniture,Chair,West,California,524.97,7.04,2,0.2,2023,7,1.34
159,9/4/2023,Technology,Monitor,West,New York,193.62,-1.55,3,0.2,2023,9,-0.8
160,11/14/2023,Technology,Monitor,South,Illinois,485.08,55.18,8,0.3,2023,11,11.38
161,12/25/2023,Technology,Laptop,West,California,527.29,87.6,1,0.2,2023,12,16.61
162,11/20/2023,Furniture,Table,South,Texas,718.4,67.93,1,0,2023,11,9.46
163,12/10/2023,Office Supplies,Paper,East,California,133.19,37.05,5,0,2023,12,27.82
164,3/3/2023,Furniture,Bookcase,South,New York,617.28,-71.9,4,0.3,2023,3,-11.65
165,8/31/2023,Technology,Laptop,Central,Illinois,517.56,-43.82,2,0,2023,8,-8.47
166,9/16/2023,Office Supplies,Pen,East,Texas,827.94,165.91,6,0.2,2023,9,20.04
167,1/20/2023,Technology,Laptop,East,New York,994.96,-112.48,3,0.1,2023,1,-11.3
168,6/9/2023,Office Supplies,Binder,East,New York,468.75,52.25,9,0,2023,6,11.15
169,4/15/2023,Office Supplies,Pen,West,New York,397.26,-25.23,9,0.2,2023,4,-6.35
170,1/9/2023,Furniture,Table,South,Texas,335.76,89.24,2,0.3,2023,1,26.58
171,6/25/2023,Technology,Monitor,South,New York,500.92,-79.89,5,0,2023,6,-15.95
172,8/12/2023,Furniture,Table,South,Illinois,520.92,131.93,3,0.3,2023,8,25.33
173,10/16/2023,Office Supplies,Paper,East,Illinois,879.84,174.84,8,0.3,2023,10,19.87
174,9/26/2023,Furniture,Bookcase,Central,California,838.64,124.74,4,0.2,2023,9,14.87
175,8/23/2023,Technology,Monitor,South,Illinois,961.7,31.48,7,0.1,2023,8,3.27
176,12/22/2023,Office Supplies,Paper,East,Texas,560.62,99.97,7,0.1,2023,12,17.83
177,8/21/2023,Furniture,Table,Central,California,635.5,-44.55,8,0,2023,8,-7.01
178,8/21/2023,Technology,Monitor,Central,Texas,963.36,-28,5,0,2023,8,-2.91
179,7/11/2023,Office Supplies,Binder,South,New York,711.09,-118.27,6,0,2023,7,-16.63
180,7/29/2023,Office Supplies,Binder,South,New York,872.82,250.28,4,0.2,2023,7,28.67
181,2/2/2023,Technology,Laptop,South,Illinois,330.37,14.64,3,0.2,2023,2,4.43
182,8/14/2023,Office Supplies,Paper,West,Texas,997.15,13.05,9,0.2,2023,8,1.31
183,3/16/2023,Technology,Printer,East,Illinois,228.56,-36.3,4,0.1,2023,3,-15.88
184,8/24/2023,Technology,Printer,Central,California,40.99,6.79,5,0.2,2023,8,16.57
185,9/14/2023,Office Supplies,Paper,East,Illinois,327.54,53.13,2,0,2023,9,16.22
186,10/1/2023,Technology,Laptop,East,Florida,865.71,31.69,8,0.3,2023,10,3.66
187,11/5/2023,Office Supplies,Pen,East,Illinois,162.12,4.35,2,0.3,2023,11,2.68
188,6/30/2023,Technology,Printer,East,Florida,912.72,258.99,4,0.1,2023,6,28.38
189,8/24/2023,Technology,Laptop,West,California,255.06,20.2,9,0.3,2023,8,7.92
190,4/27/2023,Technology,Monitor,West,Illinois,594.36,9.88,1,0.3,2023,4,1.66
191,4/5/2023,Furniture,Table,West,Texas,724.67,93.11,9,0,2023,4,12.85
192,8/2/2023,Office Supplies,Pen,South,New York,751.67,-95.49,9,0.1,2023,8,-12.7
193,5/28/2023,Technology,Monitor,West,Florida,352.56,66.25,2,0.3,2023,5,18.79
194,8/21/2023,Furniture,Table,East,California,357.12,-65.5,4,0.1,2023,8,-18.34
195,6/23/2023,Office Supplies,Paper,West,Texas,696.26,146.72,7,0.3,2023,6,21.07
196,5/3/2023,Furniture,Bookcase,East,New York,41.27,11.06,7,0.2,2023,5,26.8
197,12/14/2023,Furniture,Table,South,Texas,803.71,-24.33,7,0.2,2023,12,-3.03
198,1/3/2023,Office Supplies,Binder,West,Texas,50.35,-5.94,2,0.1,2023,1,-11.8
199,8/31/2023,Technology,Laptop,East,Illinois,227.02,65.37,4,0,2023,8,28.79
200,10/27/2023,Furniture,Bookcase,East,New York,559.81,89.35,6,0,2023,10,15.96
201,7/21/2023,Furniture,Bookcase,Central,Florida,409.23,-36.72,6,0.2,2023,7,-8.97
202,11/1/2023,Technology,Laptop,Central,Florida,869.59,142.25,8,0.3,2023,11,16.36
203,6/1/2023,Furniture,Table,South,Florida,547.87,31.23,9,0.3,2023,6,5.7
204,3/7/2023,Office Supplies,Pen,West,Florida,601.75,118.23,7,0.1,2023,3,19.65
205,9/25/2023,Technology,Printer,West,Illinois,390.01,12.83,5,0.2,2023,9,3.29
206,8/28/2023,Furniture,Bookcase,West,Florida,605.84,70.44,2,0.2,2023,8,11.63
207,2/10/2023,Furniture,Chair,West,Illinois,254.76,59.96,8,0.2,2023,2,23.54
208,12/11/2023,Furniture,Table,Central,California,969.72,-68.79,5,0,2023,12,-7.09
209,6/13/2023,Technology,Laptop,South,Florida,970.12,26.09,3,0.1,2023,6,2.69
210,11/28/2023,Office Supplies,Binder,East,Texas,830.59,12.83,4,0.3,2023,11,1.54
211,10/11/2023,Technology,Laptop,East,Florida,46.3,7.79,5,0.3,2023,10,16.83
212,11/8/2023,Furniture,Chair,East,Florida,589.5,138.02,4,0.1,2023,11,23.41
213,1/20/2023,Office Supplies,Binder,East,Illinois,61.18,7.34,3,0.1,2023,1,12
214,6/10/2023,Furniture,Chair,Central,Illinois,512.16,-91.79,4,0,2023,6,-17.92
215,8/5/2023,Office Supplies,Paper,Central,Texas,642.73,150.37,8,0.2,2023,8,23.4
216,10/21/2023,Technology,Monitor,Central,Florida,148.25,-27.43,4,0.3,2023,10,-18.5
217,12/7/2023,Office Supplies,Binder,South,Texas,102.96,14.03,6,0,2023,12,13.63
218,7/12/2023,Technology,Monitor,Central,Texas,839.73,228.66,2,0.1,2023,7,27.23
219,3/17/2023,Furniture,Table,South,California,121.98,24.12,4,0,2023,3,19.77
220,10/31/2023,Furniture,Bookcase,Central,Illinois,654.72,-96.05,2,0.1,2023,10,-14.67
221,6/18/2023,Office Supplies,Paper,East,California,993.4,175.05,5,0,2023,6,17.62
222,4/8/2023,Technology,Laptop,Central,Florida,410.1,-14.96,6,0.2,2023,4,-3.65
223,10/6/2023,Office Supplies,Binder,West,Illinois,441.23,92.18,8,0.1,2023,10,20.89
224,5/23/2023,Office Supplies,Paper,East,Illinois,633.91,66.51,5,0.2,2023,5,10.49
225,8/12/2023,Furniture,Chair,East,California,379.52,-32.78,3,0.3,2023,8,-8.64
226,9/22/2023,Office Supplies,Binder,West,Texas,385.99,89.42,2,0.1,2023,9,23.17
227,1/12/2023,Furniture,Chair,West,California,157.5,9.97,4,0.2,2023,1,6.33
228,12/30/2023,Technology,Printer,West,Texas,955.97,-182.48,7,0.2,2023,12,-19.09
229,10/8/2023,Technology,Printer,East,Florida,658.15,-6.56,4,0,2023,10,-1
230,11/30/2023,Furniture,Table,Central,Texas,491.01,-35.16,4,0.1,2023,11,-7.16
231,10/18/2023,Technology,Laptop,Central,Florida,585.12,-90.8,2,0.1,2023,10,-15.52
232,12/11/2023,Furniture,Chair,South,Texas,527.26,-72.97,7,0,2023,12,-13.84
233,10/25/2023,Technology,Printer,Central,California,918.57,11.27,6,0.2,2023,10,1.23
234,12/28/2023,Office Supplies,Pen,South,Illinois,121.18,-24.08,6,0.1,2023,12,-19.87
235,1/26/2023,Furniture,Table,South,California,219.92,23.2,9,0,2023,1,10.55
236,10/20/2023,Office Supplies,Pen,West,New York,309.04,51.29,4,0.3,2023,10,16.6
237,6/13/2023,Technology,Monitor,East,Texas,158.21,1.89,5,0.2,2023,6,1.19
238,6/10/2023,Furniture,Bookcase,South,Texas,224.57,-34.17,5,0.2,2023,6,-15.22
239,5/18/2023,Technology,Printer,South,New York,264.32,30.66,9,0.1,2023,5,11.6
240,9/20/2023,Furniture,Table,South,New York,698.19,1.51,6,0,2023,9,0.22
241,10/7/2023,Technology,Laptop,East,New York,137.11,-20.28,6,0.1,2023,10,-14.79
242,8/20/2023,Technology,Laptop,West,Florida,648.84,63.51,9,0.3,2023,8,9.79
243,7/15/2023,Furniture,Bookcase,West,California,447.99,96.74,5,0.3,2023,7,21.59
244,3/8/2023,Technology,Laptop,South,Texas,537.63,-20.34,3,0.1,2023,3,-3.78
245,9/15/2023,Office Supplies,Binder,Central,Florida,369.31,109.96,7,0.1,2023,9,29.77
246,11/29/2023,Office Supplies,Binder,South,Illinois,638.61,113.3,7,0.3,2023,11,17.74
247,2/24/2023,Office Supplies,Binder,West,California,758.6,-19.89,8,0.3,2023,2,-2.62
248,4/25/2023,Technology,Monitor,East,Florida,160.89,47.66,8,0.3,2023,4,29.62
249,3/25/2023,Furniture,Chair,West,Illinois,627.35,-97.51,7,0.3,2023,3,-15.54
250,2/7/2023,Furniture,Chair,South,Florida,167.71,-28.25,4,0,2023,2,-16.84
251,12/27/2023,Technology,Monitor,East,Texas,96.77,25.98,9,0,2023,12,26.85
252,7/15/2023,Technology,Printer,South,Texas,874.6,-104.18,6,0.2,2023,7,-11.91
253,9/1/2023,Technology,Monitor,South,Illinois,216.43,57.42,6,0.1,2023,9,26.53
254,6/7/2023,Furniture,Bookcase,West,Texas,724.21,-93.68,7,0.3,2023,6,-12.94
255,6/12/2023,Office Supplies,Pen,Central,Illinois,181.79,26.81,2,0.1,2023,6,14.75
256,10/8/2023,Office Supplies,Binder,East,Texas,484.56,-20.9,1,0.1,2023,10,-4.31
257,1/25/2023,Office Supplies,Binder,East,Florida,669.64,-93.16,5,0.1,2023,1,-13.91
258,1/12/2023,Furniture,Bookcase,South,Illinois,966.16,15.7,4,0.1,2023,1,1.62
259,2/12/2023,Furniture,Bookcase,West,Illinois,623.39,77.99,3,0.2,2023,2,12.51
260,9/23/2023,Technology,Laptop,Central,Texas,219.64,9.29,2,0,2023,9,4.23
261,4/9/2023,Technology,Printer,East,New York,83.88,16.05,3,0.2,2023,4,19.13
262,4/11/2023,Furniture,Bookcase,South,California,619.07,-29.02,4,0.3,2023,4,-4.69
263,4/26/2023,Office Supplies,Paper,West,Illinois,410.75,52.18,3,0.2,2023,4,12.7
264,3/27/2023,Technology,Monitor,West,Illinois,964.18,-73,5,0.1,2023,3,-7.57
265,11/10/2023,Office Supplies,Paper,East,Texas,197.8,21.65,5,0.1,2023,11,10.95
266,12/4/2023,Office Supplies,Pen,East,Illinois,73.97,-13.22,1,0.2,2023,12,-17.87
267,11/4/2023,Furniture,Bookcase,Central,Illinois,273.36,-34.27,4,0.1,2023,11,-12.54
268,2/11/2023,Office Supplies,Paper,East,Illinois,787.17,193.68,9,0.3,2023,2,24.6
269,5/10/2023,Furniture,Chair,East,California,443.23,-32.21,2,0.1,2023,5,-7.27
270,9/21/2023,Furniture,Bookcase,Central,Texas,896.17,106.05,1,0.3,2023,9,11.83
271,3/28/2023,Technology,Laptop,Central,Illinois,683.43,-122.45,9,0.2,2023,3,-17.92
272,6/1/2023,Technology,Laptop,East,New York,45.22,2.45,8,0.1,2023,6,5.42
273,7/30/2023,Technology,Monitor,South,New York,664.76,-71.4,5,0,2023,7,-10.74
274,2/7/2023,Office Supplies,Binder,South,Texas,91.79,5.26,1,0.2,2023,2,5.73
275,2/18/2023,Furniture,Chair,West,Texas,262.86,-18.31,9,0,2023,2,-6.97
276,9/23/2023,Furniture,Table,Central,Texas,800.73,-42.91,8,0.1,2023,9,-5.36
277,8/14/2023,Office Supplies,Pen,East,Florida,136.81,-4.22,8,0.1,2023,8,-3.08
278,11/30/2023,Technology,Laptop,East,New York,445.01,47.38,6,0.3,2023,11,10.65
279,6/23/2023,Office Supplies,Pen,South,New York,22.59,6.69,7,0.2,2023,6,29.61
280,5/29/2023,Furniture,Chair,Central,Texas,757.49,22.93,8,0.1,2023,5,3.03
281,8/12/2023,Office Supplies,Paper,Central,Florida,185.65,13.46,9,0.1,2023,8,7.25
282,1/29/2023,Furniture,Chair,West,Texas,688.45,-106.07,2,0.2,2023,1,-15.41
283,10/5/2023,Technology,Printer,Central,Florida,546.81,52.04,8,0.2,2023,10,9.52
284,1/30/2023,Technology,Monitor,Central,Illinois,874.59,103.33,5,0.2,2023,1,11.81
285,12/30/2023,Office Supplies,Binder,South,California,729.2,215.77,8,0.2,2023,12,29.59
286,1/10/2023,Office Supplies,Binder,Central,California,744.92,154.61,2,0,2023,1,20.76
287,3/27/2023,Furniture,Chair,South,Florida,849.57,186.89,1,0.1,2023,3,22
288,1/20/2023,Office Supplies,Pen,West,Illinois,333.66,-41.89,7,0.1,2023,1,-12.55
289,4/21/2023,Technology,Laptop,West,Florida,454.12,73.13,8,0.1,2023,4,16.1
290,11/6/2023,Technology,Monitor,East,Illinois,698.66,-138.61,6,0.1,2023,11,-19.84
291,4/29/2023,Furniture,Chair,South,California,875.52,48.2,3,0.3,2023,4,5.51
292,9/11/2023,Furniture,Table,Central,Florida,491.73,49.02,3,0.2,2023,9,9.97
293,6/1/2023,Technology,Laptop,Central,New York,340.9,65.61,6,0,2023,6,19.25
294,8/16/2023,Technology,Printer,South,Illinois,131.15,22,1,0.1,2023,8,16.77
295,9/8/2023,Technology,Laptop,Central,Florida,768.92,128.26,6,0,2023,9,16.68
296,5/28/2023,Furniture,Chair,West,Florida,787.8,-110.95,6,0.2,2023,5,-14.08
297,3/31/2023,Office Supplies,Paper,Central,California,591.89,-63.78,2,0.2,2023,3,-10.78
298,7/17/2023,Furniture,Bookcase,East,Illinois,522.9,-26.48,5,0.2,2023,7,-5.06
299,3/10/2023,Office Supplies,Paper,West,Texas,843.51,-90.21,1,0,2023,3,-10.69
300,9/17/2023,Office Supplies,Pen,South,Texas,59.34,14.95,3,0,2023,9,25.19
301,12/30/2023,Furniture,Table,East,Florida,144,25.3,8,0,2023,12,17.57
302,4/16/2023,Furniture,Table,South,Florida,289.37,-20.01,3,0.2,2023,4,-6.92
303,8/5/2023,Office Supplies,Binder,South,Texas,778.94,-130.33,4,0.3,2023,8,-16.73
304,1/21/2023,Technology,Monitor,West,New York,537.1,2.98,7,0.1,2023,1,0.55
305,5/28/2023,Technology,Printer,West,New York,136.71,32.96,5,0.1,2023,5,24.11
306,11/10/2023,Office Supplies,Binder,East,Illinois,979.76,-124.94,7,0.1,2023,11,-12.75
307,12/11/2023,Furniture,Chair,Central,New York,947.57,268.8,9,0,2023,12,28.37
308,11/23/2023,Office Supplies,Pen,South,Texas,686.92,49.84,8,0,2023,11,7.26
309,2/12/2023,Furniture,Table,South,Texas,76.99,11.85,1,0.1,2023,2,15.39
310,3/6/2023,Office Supplies,Binder,West,Texas,434.34,-56.26,6,0.3,2023,3,-12.95
311,5/24/2023,Furniture,Table,West,Texas,417.65,52.41,6,0.3,2023,5,12.55
312,5/18/2023,Technology,Monitor,South,New York,978.28,192.72,1,0.3,2023,5,19.7
313,3/9/2023,Technology,Laptop,South,Texas,759.18,45.32,8,0.3,2023,3,5.97
314,4/2/2023,Furniture,Bookcase,West,Florida,262.94,71.87,8,0.1,2023,4,27.33
315,9/5/2023,Office Supplies,Pen,Central,Texas,469.29,119.49,1,0.1,2023,9,25.46
316,10/6/2023,Technology,Monitor,Central,Florida,823.88,-8.07,3,0,2023,10,-0.98
317,3/15/2023,Technology,Printer,South,Florida,103.1,-2.23,9,0.3,2023,3,-2.16
318,2/16/2023,Furniture,Chair,South,California,203.88,50.66,2,0.1,2023,2,24.85
319,12/31/2023,Office Supplies,Binder,Central,New York,907.08,-55.83,8,0.1,2023,12,-6.15
320,6/25/2023,Furniture,Chair,Central,Illinois,160.58,3.24,6,0.1,2023,6,2.02
321,1/12/2023,Office Supplies,Paper,South,California,742.33,-29.82,1,0.2,2023,1,-4.02
322,6/7/2023,Furniture,Bookcase,East,Illinois,638.32,-74.7,6,0.1,2023,6,-11.7
323,11/21/2023,Technology,Printer,Central,New York,564.16,35.94,9,0.3,2023,11,6.37
324,8/15/2023,Office Supplies,Binder,West,Illinois,195.54,44.8,4,0.1,2023,8,22.91
325,12/30/2023,Office Supplies,Binder,Central,Florida,464.67,-9.8,2,0.1,2023,12,-2.11
326,6/5/2023,Technology,Monitor,West,Illinois,827.72,-123.89,5,0.2,2023,6,-14.97
327,11/10/2023,Office Supplies,Pen,Central,Texas,617.64,10.96,6,0,2023,11,1.77
328,10/16/2023,Furniture,Bookcase,West,New York,135,18.64,2,0.2,2023,10,13.81
329,5/28/2023,Technology,Printer,West,California,234.91,51.33,7,0.3,2023,5,21.85
330,10/30/2023,Technology,Printer,South,Texas,312.26,-29.25,3,0,2023,10,-9.37
331,5/22/2023,Furniture,Chair,West,Florida,904.57,-75.64,9,0.2,2023,5,-8.36
332,8/13/2023,Furniture,Bookcase,West,New York,875.48,-175.01,2,0.3,2023,8,-19.99
333,11/24/2023,Office Supplies,Binder,West,Florida,137.56,0.88,4,0,2023,11,0.64
334,3/24/2023,Furniture,Table,West,California,973.05,207.28,3,0,2023,3,21.3
335,9/8/2023,Furniture,Bookcase,West,California,631.96,41.92,3,0.2,2023,9,6.63
336,6/13/2023,Office Supplies,Binder,East,Illinois,105.57,-8.35,1,0.3,2023,6,-7.91
337,8/15/2023,Furniture,Table,Central,Illinois,234.09,38.65,9,0.3,2023,8,16.51
338,4/20/2023,Technology,Monitor,East,Illinois,347,102.2,7,0.3,2023,4,29.45
339,2/4/2023,Furniture,Table,East,Florida,275.1,53.53,5,0.2,2023,2,19.46
340,12/23/2023,Furniture,Chair,South,Florida,602.99,-85.95,9,0,2023,12,-14.25
341,8/4/2023,Furniture,Bookcase,East,Texas,956.27,-179.23,7,0.2,2023,8,-18.74
342,5/27/2023,Office Supplies,Binder,Central,California,893.6,19.38,8,0,2023,5,2.17
343,6/6/2023,Technology,Monitor,South,California,643.21,88.9,4,0.1,2023,6,13.82
344,7/13/2023,Furniture,Bookcase,West,Florida,278.85,10.16,9,0,2023,7,3.64
345,7/29/2023,Technology,Monitor,West,California,368.23,13.35,8,0.2,2023,7,3.63
346,4/19/2023,Office Supplies,Pen,East,Illinois,487.22,-49.67,3,0.3,2023,4,-10.19
347,2/18/2023,Furniture,Chair,East,Illinois,17.59,-1.59,4,0.3,2023,2,-9.04
348,9/2/2023,Furniture,Table,Central,Illinois,576.33,32.47,6,0.1,2023,9,5.63
349,11/1/2023,Furniture,Chair,South,Illinois,620.9,-88.84,3,0.2,2023,11,-14.31
350,7/11/2023,Technology,Printer,East,Illinois,705.24,209.04,1,0.3,2023,7,29.64
351,9/25/2023,Technology,Laptop,East,Illinois,677.86,-35,7,0.3,2023,9,-5.16
352,12/13/2023,Office Supplies,Pen,South,California,12.08,1.92,7,0,2023,12,15.89
353,11/20/2023,Technology,Monitor,West,Texas,390,10.97,2,0,2023,11,2.81
354,4/23/2023,Technology,Printer,South,Florida,80.3,-12.84,9,0.2,2023,4,-15.99
355,7/21/2023,Office Supplies,Paper,East,California,368.3,35.66,2,0.2,2023,7,9.68
356,9/16/2023,Office Supplies,Pen,East,Florida,726.73,-101.54,2,0,2023,9,-13.97
357,3/22/2023,Office Supplies,Paper,South,Texas,697.93,46.24,1,0.2,2023,3,6.63
358,8/1/2023,Furniture,Bookcase,West,Illinois,809.94,-74.49,9,0.2,2023,8,-9.2
359,4/17/2023,Furniture,Table,South,Illinois,435.63,59.46,7,0,2023,4,13.65
360,12/30/2023,Furniture,Table,West,Florida,800.4,169.05,9,0.2,2023,12,21.12
361,11/9/2023,Technology,Printer,South,Texas,37.15,-0.13,8,0.2,2023,11,-0.35
362,2/25/2023,Office Supplies,Pen,Central,Florida,764.29,208.9,3,0,2023,2,27.33
363,5/6/2023,Office Supplies,Binder,South,New York,600.03,-89.63,5,0.3,2023,5,-14.94
364,4/23/2023,Office Supplies,Binder,East,Florida,149.15,6.38,8,0.3,2023,4,4.28
365,9/17/2023,Technology,Printer,Central,Illinois,108.31,-10.35,3,0.1,2023,9,-9.56
366,1/30/2023,Office Supplies,Paper,East,Illinois,138.75,30.21,5,0.1,2023,1,21.77
367,10/1/2023,Furniture,Bookcase,Central,Florida,828.44,241.91,4,0,2023,10,29.2
368,6/14/2023,Furniture,Table,South,Illinois,483.1,31.95,6,0,2023,6,6.61
369,2/11/2023,Technology,Printer,Central,New York,828.55,128.02,1,0,2023,2,15.45
370,10/27/2023,Office Supplies,Paper,South,Illinois,832.38,60.28,1,0.3,2023,10,7.24
371,4/21/2023,Technology,Laptop,Central,Illinois,818.59,-78.87,1,0.2,2023,4,-9.63
372,10/2/2023,Office Supplies,Binder,East,Texas,209.3,-0.51,5,0,2023,10,-0.24
373,4/27/2023,Furniture,Table,Central,New York,603.13,-14.03,6,0,2023,4,-2.33
374,1/5/2023,Office Supplies,Paper,Central,Florida,796.27,-49.46,6,0,2023,1,-6.21
375,8/24/2023,Technology,Printer,West,Florida,757.08,34.8,7,0.1,2023,8,4.6
376,7/22/2023,Office Supplies,Paper,East,New York,919.55,-17.35,1,0.2,2023,7,-1.89
377,4/2/2023,Furniture,Table,Central,Texas,829.24,151.14,4,0.2,2023,4,18.23
378,11/24/2023,Furniture,Bookcase,South,California,855.42,16.74,1,0,2023,11,1.96
379,11/21/2023,Technology,Printer,West,New York,515.33,58.38,7,0.3,2023,11,11.33
380,11/19/2023,Office Supplies,Binder,East,New York,695.61,-92.36,5,0.3,2023,11,-13.28
381,7/3/2023,Office Supplies,Pen,South,New York,533.29,104.9,3,0.2,2023,7,19.67
382,3/6/2023,Office Supplies,Binder,East,New York,348.36,40.57,5,0,2023,3,11.65
383,6/13/2023,Furniture,Chair,Central,California,703.03,-103.91,7,0,2023,6,-14.78
384,12/24/2023,Office Supplies,Binder,West,Florida,313.08,23.34,2,0,2023,12,7.45
385,5/25/2023,Furniture,Bookcase,Central,Texas,505.62,99.74,6,0.3,2023,5,19.73
386,7/3/2023,Office Supplies,Binder,West,Illinois,302.34,-25.34,7,0.2,2023,7,-8.38
387,4/28/2023,Technology,Monitor,South,New York,328.28,12.55,1,0,2023,4,3.82
388,1/21/2023,Furniture,Table,East,Illinois,222.48,1.79,9,0.1,2023,1,0.8
389,1/10/2023,Technology,Laptop,Central,Texas,823.22,63.66,4,0.3,2023,1,7.73
390,2/22/2023,Office Supplies,Binder,West,Florida,805.92,61.45,4,0,2023,2,7.62
391,1/12/2023,Technology,Printer,South,Texas,501.73,-29.03,2,0.3,2023,1,-5.79
392,7/23/2023,Office Supplies,Paper,Central,California,408.42,-60.7,1,0.1,2023,7,-14.86
393,12/9/2023,Furniture,Table,West,California,587.43,19.67,6,0,2023,12,3.35
394,5/1/2023,Furniture,Chair,South,New York,366.63,-23.76,2,0.3,2023,5,-6.48
395,3/24/2023,Office Supplies,Paper,Central,Illinois,910.84,-10.33,3,0,2023,3,-1.13
396,11/12/2023,Furniture,Table,Central,Texas,636.38,96.68,7,0,2023,11,15.19
397,1/24/2023,Furniture,Bookcase,East,Illinois,763.43,210.24,9,0.1,2023,1,27.54
398,7/30/2023,Furniture,Chair,South,New York,647.71,-113.94,5,0.1,2023,7,-17.59
399,9/13/2023,Technology,Laptop,Central,Texas,375.02,-5.66,7,0,2023,9,-1.51
400,4/10/2023,Furniture,Table,East,Illinois,851.84,-80.08,9,0.1,2023,4,-9.4
401,4/10/2023,Technology,Monitor,South,California,681.04,70.74,2,0,2023,4,10.39
402,11/22/2023,Technology,Monitor,Central,Florida,648.38,-1.58,8,0.1,2023,11,-0.24
403,9/9/2023,Office Supplies,Pen,South,Illinois,52.58,7.02,1,0.1,2023,9,13.35
404,10/30/2023,Office Supplies,Binder,East,Florida,837.13,-161.28,5,0.1,2023,10,-19.27
405,5/18/2023,Office Supplies,Binder,East,Florida,41.11,6.91,6,0,2023,5,16.81
406,8/16/2023,Office Supplies,Pen,Central,California,51.24,-0.06,1,0.3,2023,8,-0.12
407,7/5/2023,Technology,Printer,East,Florida,858.56,75.28,9,0.1,2023,7,8.77
408,6/2/2023,Furniture,Table,Central,Illinois,775.41,45.73,4,0,2023,6,5.9
409,5/15/2023,Office Supplies,Paper,East,Florida,880.46,121.32,8,0,2023,5,13.78
410,8/2/2023,Technology,Laptop,South,Illinois,160.8,40.16,9,0,2023,8,24.98
411,3/20/2023,Office Supplies,Binder,South,Illinois,69.12,9.39,4,0.1,2023,3,13.59
412,11/27/2023,Furniture,Bookcase,East,Florida,963.14,-156.22,9,0,2023,11,-16.22
413,1/26/2023,Technology,Monitor,South,Texas,848.72,-36.01,3,0.2,2023,1,-4.24
414,12/17/2023,Furniture,Chair,South,Florida,677.39,-47.45,1,0.2,2023,12,-7
415,2/16/2023,Office Supplies,Binder,South,California,70.02,10.15,1,0.1,2023,2,14.5
416,8/14/2023,Furniture,Chair,Central,California,249.47,12.55,5,0.1,2023,8,5.03
417,3/19/2023,Furniture,Table,West,Texas,551.11,9.04,3,0.1,2023,3,1.64
418,8/23/2023,Office Supplies,Pen,South,Florida,677.61,-89.11,2,0.2,2023,8,-13.15
419,12/21/2023,Technology,Monitor,East,Florida,503.25,1.68,9,0.3,2023,12,0.33
420,1/19/2023,Technology,Laptop,East,Texas,184.33,-17.15,2,0.1,2023,1,-9.3
421,5/5/2023,Office Supplies,Paper,East,New York,944.26,264.46,5,0.3,2023,5,28.01
422,12/28/2023,Office Supplies,Binder,Central,Illinois,482.13,76.74,1,0.2,2023,12,15.92
423,3/29/2023,Technology,Laptop,Central,Florida,765.94,174.33,9,0,2023,3,22.76
424,9/12/2023,Office Supplies,Pen,South,Florida,638.02,-56.76,8,0.1,2023,9,-8.9
425,6/4/2023,Technology,Printer,West,Illinois,38.88,1.57,4,0,2023,6,4.04
426,5/9/2023,Office Supplies,Paper,Central,Texas,54.46,9.83,1,0.2,2023,5,18.05
427,4/23/2023,Furniture,Table,Central,New York,449.92,-28,1,0.1,2023,4,-6.22
428,4/1/2023,Furniture,Chair,South,Illinois,421.45,94.25,1,0.1,2023,4,22.36
429,12/9/2023,Office Supplies,Pen,South,Florida,510.9,-45.76,9,0,2023,12,-8.96
430,8/25/2023,Office Supplies,Pen,East,Texas,232.64,3.65,8,0.2,2023,8,1.57
431,4/19/2023,Furniture,Bookcase,South,Texas,359.52,88.82,7,0.1,2023,4,24.71
432,10/6/2023,Furniture,Chair,West,Florida,481.57,23.49,4,0,2023,10,4.88
433,4/22/2023,Furniture,Chair,South,New York,856.48,-82.62,9,0.2,2023,4,-9.65
434,7/14/2023,Office Supplies,Paper,Central,Illinois,104.1,22.21,4,0.1,2023,7,21.34
435,10/17/2023,Furniture,Table,South,New York,877.12,61,8,0.3,2023,10,6.95
436,11/14/2023,Technology,Laptop,East,Illinois,536.7,51.1,6,0.1,2023,11,9.52
437,11/13/2023,Furniture,Chair,West,Illinois,443.11,106.95,6,0.2,2023,11,24.14
438,8/27/2023,Office Supplies,Paper,Central,Florida,421.78,75.72,2,0.1,2023,8,17.95
439,7/25/2023,Office Supplies,Pen,East,New York,134.1,-4.23,6,0.3,2023,7,-3.15
440,8/29/2023,Technology,Monitor,East,Illinois,386.88,2.8,2,0.2,2023,8,0.72
441,1/10/2023,Office Supplies,Pen,East,New York,487.05,-9.32,4,0.2,2023,1,-1.91
442,4/12/2023,Furniture,Bookcase,East,Illinois,782.92,120.76,3,0.3,2023,4,15.42
443,4/14/2023,Furniture,Chair,Central,Texas,188.39,-28.42,6,0,2023,4,-15.09
444,5/6/2023,Technology,Printer,West,Illinois,351.16,-64.81,9,0,2023,5,-18.46
445,11/4/2023,Furniture,Chair,West,Florida,165.75,-23.3,1,0.3,2023,11,-14.06
446,12/3/2023,Technology,Laptop,Central,California,386.71,-45.82,4,0.1,2023,12,-11.85
447,3/19/2023,Furniture,Bookcase,Central,Florida,706.66,201.49,7,0.3,2023,3,28.51
448,6/17/2023,Technology,Laptop,Central,California,61.15,3.2,6,0.3,2023,6,5.23
449,7/23/2023,Furniture,Table,Central,New York,234.46,56.19,9,0.3,2023,7,23.97
450,11/9/2023,Technology,Printer,West,New York,798.71,-59.72,8,0.2,2023,11,-7.48
451,6/28/2023,Technology,Monitor,South,New York,22.04,3.02,1,0,2023,6,13.7
452,10/10/2023,Office Supplies,Pen,Central,Illinois,417.54,111.69,5,0,2023,10,26.75
453,2/2/2023,Office Supplies,Pen,West,New York,292.9,4.8,3,0.1,2023,2,1.64
454,10/16/2023,Furniture,Bookcase,West,Florida,645.32,87.6,7,0.1,2023,10,13.57
455,9/5/2023,Technology,Printer,South,Illinois,990.46,-37.02,9,0,2023,9,-3.74
456,1/17/2023,Office Supplies,Binder,East,Texas,112.09,8.28,9,0,2023,1,7.39
457,8/7/2023,Office Supplies,Binder,South,California,524.51,-85.48,3,0.1,2023,8,-16.3
458,5/4/2023,Office Supplies,Pen,Central,Texas,554.11,80.28,7,0.2,2023,5,14.49
459,2/10/2023,Technology,Laptop,Central,Florida,101.15,10.07,4,0.2,2023,2,9.96
460,10/17/2023,Technology,Monitor,West,Illinois,706.75,-9.45,9,0,2023,10,-1.34
461,2/28/2023,Office Supplies,Pen,Central,Florida,601.69,140.22,1,0.2,2023,2,23.3
462,3/20/2023,Office Supplies,Pen,West,Illinois,220.95,59.55,5,0.2,2023,3,26.95
463,10/11/2023,Office Supplies,Binder,West,California,631.21,-4.54,7,0,2023,10,-0.72
464,3/14/2023,Furniture,Bookcase,East,Texas,841.4,-88.96,6,0.3,2023,3,-10.57
465,10/10/2023,Office Supplies,Pen,West,Texas,439.25,-67.51,5,0.2,2023,10,-15.37
466,4/3/2023,Furniture,Bookcase,Central,Florida,517.6,9.93,3,0.3,2023,4,1.92
467,6/19/2023,Furniture,Bookcase,East,California,703.86,-68.97,7,0,2023,6,-9.8
468,2/16/2023,Furniture,Bookcase,Central,Florida,39.21,-0.86,5,0.2,2023,2,-2.19
469,11/14/2023,Office Supplies,Paper,East,Texas,610.66,83.32,2,0.1,2023,11,13.64
470,6/13/2023,Technology,Monitor,West,New York,933.38,67.32,3,0.1,2023,6,7.21
471,8/26/2023,Office Supplies,Pen,Central,New York,298.58,55.35,1,0,2023,8,18.54
472,10/22/2023,Furniture,Table,Central,California,276.16,-4.36,6,0,2023,10,-1.58
473,12/7/2023,Furniture,Table,South,New York,417.23,98.83,6,0.1,2023,12,23.69
474,1/18/2023,Office Supplies,Paper,East,Florida,826.5,-44.47,9,0,2023,1,-5.38
475,11/6/2023,Office Supplies,Paper,East,New York,38.03,-3.61,1,0.2,2023,11,-9.49
476,5/1/2023,Technology,Monitor,West,Texas,267.63,-32.18,5,0,2023,5,-12.02
477,4/19/2023,Office Supplies,Pen,West,New York,828.22,19.13,4,0,2023,4,2.31
478,1/23/2023,Furniture,Bookcase,South,Texas,262.33,44.93,4,0.3,2023,1,17.13
479,2/5/2023,Furniture,Chair,Central,Illinois,635.89,-8.42,7,0.3,2023,2,-1.32
480,5/17/2023,Furniture,Chair,East,Illinois,86.86,18.63,7,0.1,2023,5,21.45
481,3/28/2023,Furniture,Table,East,Texas,839.53,192.57,3,0.1,2023,3,22.94
482,10/12/2023,Furniture,Bookcase,West,California,464.6,2.58,4,0.2,2023,10,0.56
483,5/14/2023,Technology,Laptop,East,Illinois,791.54,-40.85,6,0,2023,5,-5.16
484,5/2/2023,Office Supplies,Pen,West,New York,360.73,-53.15,4,0.1,2023,5,-14.73
485,7/25/2023,Furniture,Table,South,New York,175.26,-13.69,3,0.1,2023,7,-7.81
486,5/17/2023,Technology,Monitor,South,New York,421.62,6.1,3,0.2,2023,5,1.45
487,12/20/2023,Office Supplies,Paper,West,California,417.84,98.3,2,0,2023,12,23.53
488,9/2/2023,Technology,Laptop,South,California,126.03,-3.96,8,0.1,2023,9,-3.14
489,10/9/2023,Furniture,Bookcase,East,Illinois,896.72,-87.74,1,0.2,2023,10,-9.78
490,6/20/2023,Furniture,Chair,East,California,78.36,2.91,5,0.2,2023,6,3.71
491,3/14/2023,Office Supplies,Pen,West,Florida,540.3,117.82,9,0.1,2023,3,21.81
492,4/28/2023,Furniture,Bookcase,South,New York,793.64,20.35,3,0.2,2023,4,2.56
493,5/19/2023,Office Supplies,Pen,East,New York,84.94,-0.52,8,0.1,2023,5,-0.61
494,8/27/2023,Technology,Monitor,South,Florida,546.34,155.18,4,0,2023,8,28.4
495,11/29/2023,Furniture,Chair,West,Texas,805.78,13.49,3,0.2,2023,11,1.67
496,3/3/2023,Technology,Monitor,West,New York,380.74,-5.81,2,0.1,2023,3,-1.53
497,11/13/2023,Furniture,Chair,South,Florida,112.64,-19.79,4,0.3,2023,11,-17.57
498,11/14/2023,Furniture,Table,West,Illinois,804.97,47.5,1,0.2,2023,11,5.9
499,1/29/2023,Furniture,Bookcase,South,Florida,392.75,51.55,6,0,2023,1,13.13
500,10/4/2023,Office Supplies,Pen,South,New York,657.59,160.82,5,0,2023,10,24.46
